@ARTICLE{2021AJ....162..106F,
       author = {{Fortino}, W.~F. and {Bernstein}, G.~M. and {Bernardinelli}, P.~H. and {Aguena}, M. and {Allam}, S. and {Annis}, J. and {Bacon}, D. and {Bechtol}, K. and {Bhargava}, S. and {Brooks}, D. and {Burke}, D.~L. and {Carretero}, J. and {Choi}, A. and {Costanzi}, M. and {Costa}, L.~N. da and {Pereira}, M.~E.~S. and {De Vicente}, J. and {Desai}, S. and {Doel}, P. and {Drlica-Wagner}, A. and {Eckert}, K. and {Eifler}, T.~F. and {Evrard}, A.~E. and {Ferrero}, I. and {Frieman}, J. and {Garc{\'\i}a-Bellido}, J. and {Gazta{\~n}aga}, E. and {Gerdes}, D.~W. and {Gruendl}, R.~A. and {Gschwend}, J. and {Gutierrez}, G. and {Hartley}, W.~G. and {Hinton}, S.~R. and {Hollowood}, D.~L. and {Honscheid}, K. and {James}, D.~J. and {Jarvis}, M. and {Kent}, S. and {Kuehn}, K. and {Kuropatkin}, N. and {Maia}, M.~A.~G. and {Marshall}, J.~L. and {Menanteau}, F. and {Miquel}, R. and {Morgan}, R. and {Myles}, J. and {Ogando}, R.~L.~C. and {Palmese}, A. and {Paz-Chinch{\'o}n}, F. and {Plazas}, A.~A. and {Roodman}, A. and {Rykoff}, E.~S. and {Sanchez}, E. and {Santiago}, B. and {Scarpine}, V. and {Schubnell}, M. and {Serrano}, S. and {Sevilla-Noarbe}, I. and {Smith}, M. and {Suchyta}, E. and {Tarle}, G. and {To}, C. and {Tucker}, D.~L. and {Varga}, T.~N. and {Walker}, A.~R. and {Weller}, J. and {Wester}, W. and {DES Collaboration}},
        title = "{Reducing Ground-based Astrometric Errors with Gaia and Gaussian Processes}",
      journal = {\aj},
     keywords = {Astrometry, Sky noise, Astronomy data analysis, 80, 1463, 1858, Astrophysics - Instrumentation and Methods for Astrophysics},
         year = 2021,
        month = sep,
       volume = {162},
       number = {3},
          eid = {106},
        pages = {106},
          doi = {10.3847/1538-3881/ac0722},
archivePrefix = {arXiv},
       eprint = {2010.13742},
 primaryClass = {astro-ph.IM},
       adsurl = {https://ui.adsabs.harvard.edu/abs/2021AJ....162..106F},
      adsnote = {Provided by the SAO/NASA Astrophysics Data System}
}

@ARTICLE{2021A&A...650A..81L,
       author = {{L{\'e}get}, P. -F. and {Astier}, P. and {Regnault}, N. and {Jarvis}, M. and {Antilogus}, P. and {Roodman}, A. and {Rubin}, D. and {Saunders}, C.},
        title = "{Improving the astrometric solution of the Hyper Suprime-Cam with anisotropic Gaussian processes}",
      journal = {\aap},
     keywords = {cosmology: observations, gravitational lensing: weak, techniques: image processing, atmospheric effects, astrometry, Astrophysics - Instrumentation and Methods for Astrophysics, Astrophysics - Cosmology and Nongalactic Astrophysics},
         year = 2021,
        month = jun,
       volume = {650},
          eid = {A81},
        pages = {A81},
          doi = {10.1051/0004-6361/202140463},
archivePrefix = {arXiv},
       eprint = {2103.09881},
 primaryClass = {astro-ph.IM},
       adsurl = {https://ui.adsabs.harvard.edu/abs/2021A&A...650A..81L},
      adsnote = {Provided by the SAO/NASA Astrophysics Data System}
}
